
  <record>
    <leader>01952cim  2200457Ia 45í0</leader>
    <controlfield tag="001">a010suba8digitSfx</controlfield>
    <controlfield tag="008">780930m19391944nyu           000 0 eng d</controlfield>
    <datafield tag="010" ind1=" " ind2=" ">
      <subfield code="a">   79139101 /AC/MN</subfield>
    </datafield>
    <datafield tag="245" ind1="1" ind2="0">
      <subfield code="a">lccn, sub a, 8 digit, suffix</subfield>
    </datafield>
  </record>