
  <record>
    <leader>01952cim  2200457Ia 45í0</leader>
    <controlfield tag="001">a010subaAndZ</controlfield>
    <controlfield tag="008">780930m19391944nyu           000 0 eng d</controlfield>
    <datafield tag="010" ind1=" " ind2=" ">
      <subfield code="a">   76647633 </subfield>
      <subfield code="z">sc 76000587</subfield>
    </datafield>
    <datafield tag="245" ind1="1" ind2="0">
      <subfield code="a">lccn, sub a and z</subfield>
    </datafield>
  </record>